<?xml version="1.0" encoding="UTF-8"?><record xmlns="http://www.loc.gov/MARC21/slim" xmlns:cinclude="http://apache.org/cocoon/include/1.0" xmlns:zs="http://www.loc.gov/zing/srw/">
  <leader>00753cz  a2200169n  4500</leader>
  <controlfield tag="001">nr 00033462 </controlfield>
  <controlfield tag="003">DLC</controlfield>
  <controlfield tag="005">20001127095835.0</controlfield>
  <controlfield tag="008">001023n| acannaabn           a ana     c</controlfield>
  <datafield tag="010" ind1=" " ind2=" ">
    <subfield code="a">nr 00033462 </subfield>
  </datafield>
  <datafield tag="040" ind1=" " ind2=" ">
    <subfield code="a">OClMA</subfield>
    <subfield code="b">eng</subfield>
    <subfield code="c">OClMA</subfield>
    <subfield code="d">MH-FA</subfield>
    <subfield code="d">DLC</subfield>
  </datafield>
  <datafield tag="110" ind1="2" ind2=" ">
    <subfield code="a">Textilmuseet (Borås, Sweden)</subfield>
  </datafield>
  <datafield tag="410" ind1="2" ind2=" ">
    <subfield code="a">Textile Museum (Borås, Sweden)</subfield>
  </datafield>
  <datafield tag="670" ind1=" " ind2=" ">
    <subfield code="a">Upptäcktsresande Sven Hedin, Margareta Gelin sidenvävare, 1992:</subfield>
    <subfield code="b">cover (Textilmuseet Borås) p. 4 of cover (Textilmuseet)</subfield>
  </datafield>
  <datafield tag="670" ind1=" " ind2=" ">
    <subfield code="a">Intern. dir. arts, 2000:</subfield>
    <subfield code="b">v. 1, p. 496 (Textilmuseet, Druveforsvägen 8, 502 56 Borås)</subfield>
  </datafield>
  <datafield tag="670" ind1=" " ind2=" ">
    <subfield code="a">RLIN, Oct. 26, 2000</subfield>
    <subfield code="b">(hdg.: Textilmuseet (Borås, Sweden) ; usage: Textilmuseet)</subfield>
  </datafield>
  <datafield tag="670" ind1=" " ind2=" ">
    <subfield code="a">Tutankhamun's wardrobe, 1999 :</subfield>
    <subfield code="b">p.4 (Textile Museum, Borås, Sweden)</subfield>
  </datafield>
</record>